2959 4284
550 474 696 537 Dominicd
708 476 749 536 ad
765 432 901 538 i'rimam.
1105 496 1137 553 ry

300 570 395 635 ininus
408 571 518 643 Filius,
531 573 551 612 *¹
566 575 706 634 Ddrninus
740 574 931 634 carnaridnem
952 590 1061 644 quoque
1080 575 1141 631 Dd.

300 647 423 716 Spiritus
435 645 568 714 rentium
742 645 811 701 mini
841 645 925 702 nostri
951 645 1014 703 Jesu
1039 644 1141 702 Christi

337 715 374 771 Et
400 731 497 771 tamen
512 722 575 770 non¹
589 730 644 771 tres
656 712 705 769 dd·
739 714 858 771 fideliter
868 713 971 771 credat.

304 783 397 849 mini,
418 782 628 841 ³'‘sedunusest
643 781 705 838 De'r-
775 782 821 838 Est
835 802 900 851 ergo
915 781 979 838 fides
991 782 1085 848 resta,
1108 795 1141 838 ut

309 850 405 909 minus.
605 904 616 931 ,
739 850 880 907 credimus
909 852 937 908 8(
958 850 1140 909 confitedmur

342 917 414 987 Quia
440 919 511 978 ficut
547 918 704 988 fingrlldtim
740 919 831 987 *quia
847 919 1139 976 deinusnosterJe·

303 1003 528 1058 unamquamque
541 987 705 1057 personam,
739 987 782 1044 sus
797 989 919 1046 Christus
945 989 1000 1045 Dei
1028 987 1113 1046 Filius
1129 1024 1139 1055 ‚

300 1054 397 1114 Deum
411 1075 444 1115 ac
458 1057 614 1114 deinum
635 1075 703 1114 con·
739 1057 817 1113 Deus
836 1059 863 1114 8(
875 1057 962 1113 homo
976 1058 1022 1112 est.
1114 1123 1119 1136 Ι

298 1123 374 1181 firdri
407 1126 553 1183 christidnd
588 1127 704 1182 veritr‘rte
774 1126 849 1182 Deus
874 1128 911 1182 est
935 1146 968 1182 ex
991 1125 1138 1181 finbstdntra

298 1194 530 1274 tompdllirnur;
557 1193 575 1229 *
597 1195 636 1250 ita
650 1210 705 1250 tres
739 1193 829 1250 Patris
844 1193 1138 1319 anrese'culaff'nitus,

296 1260 366 1318 deos
389 1279 440 1319 aut
464 1263 591 1319 dominos
616 1262 704 1319 dicere
738 1261 1016 1320 *dihomoestexsu
1039 1264 1136 1320 stdntia

296 1330 442 1389 tathdiicd
467 1330 599 1400 religidne
611 1331 703 1400 prohi-
738 1332 835 1388 matris
849 1332 877 1387 in
892 1331 984 1390 se'culo
999 1348 1089 1388 natus.

299 1397 412 1456 bimur.
771 1399 909 1456 Perfedius
936 1402 1012 1456 Deus
1038 1438 1047 1467 ‚
1073 1419 1136 1470 per-

337 1467 445 1525 Paterd
460 1468 537 1524 nullo
549 1467 701 1536 edfridus,
737 1466 823 1524 fedius
836 1469 922 1526 homo
938 1490 947 1538 3
967 1472 985 1504 ’⁶
1002 1469 1135 1526 exdnirna

304 1534 325 1571 ²⁸¹
337 1554 385 1595 nec
397 1538 527 1606 creatus,
550 1550 601 1596 nec
624 1538 702 1607 geni·
738 1537 882 1604 rationali,
907 1539 934 1594 8(
949 1538 1137 1596 huminacar-

301 1618 356 1661 tus.
564 1650 567 1657 .
738 1623 772 1661 ne
785 1605 935 1661 subsistens.

252 1723 255 1727 .
298 1710 301 1715 -
337 1671 552 1735 PiliusdPatte
570 1673 701 1740 soloest‚
771 1672 1135 1742 AEqndlisPatrisdcunddm

300 1738 320 1777 ¹*
330 1760 389 1798 non
399 1741 487 1798 fadus
499 1779 507 1810 ‚
517 1760 568 1801 nec
576 1742 680 1800 creirus
692 1779 701 1810 ‚
737 1740 910 1799 divinitdtem
923 1778 932 1809 ,
948 1743 967 1779 ²⁸¹
978 1743 1072 1798 minor
1083 1743 1136 1815 Pa,

299 1807 348 1868 sed
365 1811 483 1879 genitus.
737 1824 779 1866 tre
810 1810 956 1869 secundum
982 1811 1136 1872 humanitd·

338 1877 454 1947 Spiritus
473 1877 605 1936 sanstus&
621 1878 701 1936 Patre
737 1892 805 1935 tem.
1002 1890 1006 1898 “

295 1947 330 2005 8(
345 1944 442 2014 Filio,
469 1946 489 1983 ’¹‘
509 1965 573 2004 non
593 1947 699 2014 fastus,
771 1946 829 2015 Qui
856 1949 921 2006 licet
946 1948 1021 2005 Deus
1045 1947 1078 2005 fit
1107 1949 1135 2006 8(
1155 1954 1159 1963 “

296 2033 352 2073 nec
366 2013 473 2071 creduis
487 2051 496 2081 ,
516 2033 567 2073 nec
575 2015 699 2084 genitus,
735 2014 839 2082 homo,
852 2017 869 2053 ‘¹¹
887 2035 943 2075 non
955 2016 1009 2075 duo
1022 2034 1134 2085 tamen,

298 2082 343 2141 fed
379 2082 520 2140 recedens.
673 2120 676 2127 ·
734 2082 859 2141 sedunus
873 2088 910 2141 eii
926 2085 1058 2143 Christus.

357 2170 410 2208 nus
438 2169 504 2219 ergo
522 2149 625 2228 Pater,
642 2169 699 2207 non
768 2151 843 2209 Unus
865 2169 957 2210 autern
985 2173 1041 2211 non
1068 2172 1132 2212 con·

294 2232 354 2277 tres
373 2234 489 2291 patres:
505 2237 574 2276 unus
590 2218 698 2285 Filius,
735 2219 854 2276 versrdne
870 2221 1019 2279 divinitdtis
1040 2223 1131 2280 incar·

295 2307 355 2347 nnn
369 2286 509 2367 tresiilii:
527 2288 544 2322 *
557 2305 625 2343 unus
639 2287 698 2355 spi.
734 2306 819 2354 nem,
843 2291 861 2324 '⁸‘
881 2290 924 2346 sed
950 2289 1130 2358 affumntidne

294 2357 366 2415 ritus
392 2356 498 2412 ianiius
525 2393 535 2422 ‚
562 2374 619 2412 non
644 2372 698 2413 tres
733 2355 1066 2416 humanirdtisinDeum.
1113 2370 1117 2377 '

293 2425 409 2495 spiritns
422 2425 517 2481 sandii.
769 2427 842 2483 Unus
853 2426 1052 2492 omnino‚non
1062 2446 1130 2485 con-

330 2494 368 2551 Et
385 2495 413 2550 in
426 2494 479 2550 hac
494 2492 635 2551 Trinitdte
656 2493 698 2550 ni-
734 2491 837 2551 fusrdne
853 2495 1026 2565 substdntiae,
1048 2497 1065 2533 *
1086 2494 1131 2553 sed

294 2560 337 2619 hil
352 2564 429 2631 prius
445 2578 494 2618 aut
505 2562 647 2630 posterius,
657 2562 699 2617 ni·
733 2563 840 2618 unirdte
853 2563 984 2631 persdnae.

293 2629 336 2687 nil
353 2632 443 2692 maius
466 2631 620 2708 autminus
646 2651 654 2696 ς
680 2630 697 2665 *
767 2630 841 2686 Nam
858 2631 923 2688 ficut
944 2632 1132 2690 inimaratio·

295 2699 339 2756 red
350 2716 420 2756 totae
430 2716 485 2756 tres
499 2700 697 2767 perirnaecoae-
733 2698 802 2755 ndlis
816 2702 843 2756 8(
856 2720 920 2756 caro
939 2720 1008 2758 unus
1024 2702 1061 2758 est
1081 2701 1132 2757 ho-

296 2780 380 2825 ternae
393 2768 446 2825 fibi
457 2768 521 2825 sunt
533 2770 561 2825 8(
573 2769 697 2837 coaequd·
732 2787 780 2823 mo
795 2789 804 2837 3
819 2770 836 2803 *
850 2770 888 2825 ita
904 2770 980 2825 Deus
1001 2771 1028 2827 8(
1044 2770 1131 2828 homo

301 2833 348 2892 lez.
561 2848 566 2855 '
732 2855 801 2892 unus
816 2839 853 2892 est
868 2838 1000 2894 Christus.

300 2970 313 2986 ,
333 2904 373 2961 lta
387 2920 420 2962 ur
435 2923 485 2991 per
500 2905 594 2963 drnnia
607 2944 616 2973 ,
630 2906 697 2964 ficut
767 2904 825 2972 Qui
837 2905 923 2974 pasius
937 2909 973 2962 est
982 2926 1032 2976 pro
1046 2906 1132 2964 sairite

300 2987 355 3051 uni
367 2974 555 3041 supradrdiurn
565 2976 602 3031 est
614 3013 622 3041 ,
636 2975 653 3010 *
669 2977 696 3031 8(
732 2976 823 3030 nostra
837 3013 845 3041 ,
861 2975 998 3033 descendit
1012 2975 1045 3032 nd
1060 2975 1132 3031 infe·

299 3039 392 3098 Unrras
418 3044 447 3098 in
481 3043 512 3100 T
515 3043 625 3100 riniteite
641 3082 649 3110 ‚
668 3046 696 3100 8(
732 3062 796 3109 ros,
811 3045 827 3078 *²
843 3044 923 3102 te'rtid
932 3045 974 3102 die
988 3045 1132 3105 resurrexit

297 3106 422 3168 Trinitas
439 3113 469 3169 in
490 3112 601 3170 Unitdte
616 3132 697 3169 vene·
731 3111 900 3169 dindrtnis:

294 3178 379 3236 ranna
390 3179 432 3237 iit.
766 3181 895 3237 Ascendit
920 3180 952 3237 ad
967 3181 1073 3249 coelos,
1091 3181 1131 3238 se-

339 3247 397 3317 Qui
422 3249 484 3305 vult
510 3268 578 3319 ergo
610 3250 696 3306 salvus
731 3249 778 3307 det
791 3249 825 3307 ad
849 3250 987 3306 de'xrernm
1008 3251 1063 3306 Dei
1079 3251 1131 3306 Pa·

259 3346 262 3353 ·
295 3315 366 3385 effe,
392 3316 411 3351 ’⁸‘
439 3317 479 3374 ita
502 3317 535 3374 de
554 3319 696 3377 Trinitaite
732 3318 781 3374 tris
796 3319 1046 3387 omnipotentis‚*
1067 3319 1129 3377 inde

294 3383 406 3441 sentiat.
713 3433 715 3435 .
730 3388 861 3444 venturus
877 3390 913 3443 est
926 3386 1043 3448 indicite
1051 3388 1129 3445 vivos

326 3453 380 3509 Sed
399 3453 576 3511 neceisdrium
601 3457 638 3512 est
661 3455 695 3513 ad
732 3458 761 3514 8(
779 3456 923 3513 mdrtuos:

296 3536 427 3583 :ternam
433 3523 568 3591 salntem,
581 3523 600 3563 *
614 3539 645 3585 ut
653 3525 696 3585 in.-
750 3524 808 3591 ,Ad
821 3524 897 3590 cuius
911 3523 1141 3603 adventurnomn
