2959 4284
326 460 361 512 '1⁶
566 446 712 511 Dominicd
725 451 763 511 ad
775 452 915 515 Primam.'

327 566 385 608 tem
413 561 476 609 tuus
496 548 671 629 exercebitur
696 549 726 606 iu
760 550 818 608 haec
833 554 954 620 est,*ut
968 571 1054 613 unum
1066 553 1164 613 Deum

324 620 566 699 iustificatilnibus
580 634 644 701 tuis.
760 620 790 677 in
804 620 986 691 ngrinitltffi
1013 627 1042 682 8(
1061 624 1164 682 Triui-

361 692 435 748 Nam
449 691 476 746 8(
501 691 655 745 testlmunla
678 704 725 748 tua
761 689 846 747 titem
871 693 900 748 in
922 693 1034 751 Unitite
1048 695 1162 753 venere'-

326 760 471 818 medititio
497 777 557 814 mea
574 759 637 824 est,
658 759 676 794 *
698 761 725 817 8(
762 779 849 829 mur;

326 829 473 908 cunsilium
485 847 578 886 meum
601 828 725 891 iustifica-
783 829 880 899 Neque
889 831 1089 892 confundentes.
1099 850 1162 901 per.

325 900 415 957 tiones
428 913 490 954 tuae.
760 897 860 968 siluas,
881 900 899 935 *
924 919 1010 970 neque
1036 901 1162 959 substin-

359 966 476 1024 Adhaefit
490 967 652 1036 pavimento
666 966 725 1024 alni-
760 968 828 1024 tiam
838 968 1002 1039 separantes.

324 1055 371 1094 ma
396 1055 456 1092 mea
483 1037 529 1092 ι*
551 1036 658 1093 vivifica
679 1056 723 1093 me
792 1038 855 1095 Alia
882 1041 919 1096 est
947 1040 1021 1096 euim
1041 1038 1161 1108 perstina

323 1105 469 1163 secundtlm
487 1105 601 1162 verbum
618 1123 705 1162 tuum.
759 1105 871 1174 Pisum,
895 1108 947 1165 tilia
965 1108 1053 1176 Filii,
1069 1108 1087 1145 *
1104 1108 1160 1167 ilia

357 1175 420 1231 Vias
436 1193 510 1229 meas
519 1175 679 1241 enuntiivi,
695 1177 723 1232 8(
758 1175 874 1244 spiritus
888 1177 981 1234 sanili.

322 1242 452 1300 exaudisti
468 1262 512 1299 me
532 1263 540 1301 z
565 1245 583 1279 *¹
600 1243 667 1302 doce
677 1263 720 1302 me
792 1245 843 1301 Sed
855 1245 966 1313 Patris,
988 1247 1015 1303 8(
1031 1245 1111 1313 Filii,
1127 1248 1159 1307 8<

320 1311 527 1391 iustificatiuues
540 1327 611 1371 tuas.
756 1312 871 1391 Spiritus
885 1315 970 1372 satulli
984 1334 1037 1372 una
1060 1316 1099 1371 est
1113 1314 1159 1373 di-

333 1382 414 1439 Viam
423 1381 647 1444 iustificatiinum
660 1382 721 1439 tual-
756 1382 856 1438 vinitas
870 1421 878 1448 ‚
895 1384 912 1419 ’¹‘
925 1384 1033 1451 aequilis
1045 1383 1159 1454 gluria,

320 1469 381 1508 rum
395 1450 495 1508 instrue
508 1470 551 1507 me
561 1472 569 1518 ς
580 1452 597 1486 *
608 1453 636 1509 8(
645 1471 721 1509 exer·
757 1467 892 1508 coaeterna
906 1453 1040 1514 maiestas.

319 1519 406 1578 ce'bor
426 1520 457 1599 iu
469 1520 643 1577 mirabilibus
657 1521 720 1579 tuis.
784 1520 889 1589 Qualis
904 1522 1010 1588 Pater,
1032 1520 1097 1578 talis
1112 1520 1158 1578 Fi·

355 1589 530 1646 Dormitivit
552 1589 643 1645 §nima
658 1609 728 1648 mea,
756 1587 1156 1659 lius,*talisSpiritussaullus.

318 1677 374 1728 prae
387 1658 468 1716 taedio
482 1678 489 1714 :
501 1657 662 1716 *confirma
675 1678 720 1716 me
788 1659 929 1716 lncreltus
942 1660 1038 1723 Pater,
1048 1658 1155 1717 incred-

318 1730 349 1785 iu
362 1727 452 1785 verbis
466 1727 530 1784 tuis.
754 1741 798 1784 tus
812 1727 897 1786 Filius
907 1727 939 1796 ,*
951 1726 1086 1786 increitus
1097 1726 1157 1798 spi·

353 1797 433 1854 Viam
457 1795 610 1864 iniquititis
623 1795 720 1853 §move
755 1796 824 1852 ritus
835 1796 951 1854 sanllus.

318 1865 335 1924 al
350 1884 412 1934 me,
428 1864 482 1931 *δι
495 1865 526 1922 de
539 1865 597 1934 lege
610 1880 658 1922 tua
670 1865 720 1922 mi·
788 1865 940 1944 Immensus
967 1865 1050 1946 Patet
1071 1903 1081 1932 ‚
1104 1867 1156 1924 im·

317 1936 405 1993 scrire
421 1936 487 1990 mel.
754 1941 861 1991 menius
876 1933 961 1991 Filius
977 1973 985 2002 ,
1001 1935 1018 1970 *
1034 1953 1156 1993 immen-

353 2004 432 2061 Viam
447 2001 570 2059 verititis
585 2002 655 2070 ele'gi
671 2021 679 2058 τ
700 2002 719 2039 *
753 2001 796 2059 sus
810 2002 926 2071 Spiritus
941 2003 1056 2061 sanlius.

317 2072 420 2138 iudicia
435 2088 482 2130 tua
497 2090 555 2130 non
574 2071 633 2127 stim
646 2070 719 2128 obli·
786 2070 917 2147 AEttruus
942 2072 1047 2138 Pater,
1076 2087 1154 2129 aeter·

317 2158 376 2201 tus.
523 2208 528 2220 ¹
601 2207 618 2220 ..
684 2208 690 2220 ι
753 2159 803 2196 nus
818 2140 920 2209 Filius,
935 2140 1155 2210 *aetemusspi-

351 2209 457 2268 Adhaefi
469 2207 632 2267 tellimimus
650 2224 715 2276 tuis,
753 2210 822 2267 ritus
834 2211 951 2267 sanlius.

316 2280 442 2338 Dimine
456 2299 463 2337 t
479 2279 498 2316 ¹⁸²
519 2277 578 2335 noli
591 2297 635 2334 me
648 2295 717 2337 con·
786 2278 824 2335 Et
836 2296 930 2336 tamen
943 2297 999 2335 non
1013 2293 1068 2334 tres
1077 2292 1153 2337 aeter·

315 2349 443 2409 fundere.
752 2347 803 2414 ni,
819 2348 837 2383 *
850 2347 894 2403 sed
909 2365 976 2404 unus
989 2362 1117 2403 aeteruus.

351 2419 432 2476 Viam
448 2413 641 2474 mandatt'srum
655 2415 717 2472 tu6·
786 2416 863 2473 Sicut
876 2436 933 2473 non
947 2431 1001 2472 tres
1016 2414 1132 2473 increlti

314 2506 377 2546 rum
390 2485 498 2545 cucurri
511 2522 521 2552 ,
536 2484 554 2521 ’¹‘
569 2485 631 2544 clim
646 2484 715 2542 dila·
751 2504 801 2543 nec
815 2502 869 2542 tres
895 2484 1018 2541 immensi
1033 2521 1042 2549 ‚
1072 2485 1089 2520 *
1105 2451 1151 2541 sel

313 2558 553 2616 tasticormeum.
750 2572 819 2610 unus
840 2554 999 2621 intremus,
1031 2554 1059 2610 8(
1079 2571 1150 2611 unus

350 2625 468 2697 Quando
478 2623 516 2693 fit
535 2622 661 2690 Officium
681 2622 715 2680 de
750 2622 907 2680 immensus.

313 2695 480 2759 flaminica,
509 2691 557 2757 nist
569 2693 651 2749 aliter
666 2712 715 2748 no·
763 2691 897 2749 Similiter
909 2688 1150 2769 omnipotenspa-

313 2781 405 2831 tetur,
429 2761 531 2820 dicitur
554 2759 712 2831 Symbolum
748 2774 813 2827 ter,
836 2762 1013 2830 omnipotens
1029 2759 1115 2815 l'iltus
1137 2795 1148 2826 ,

307 2839 434 2904 sequens.
748 2826 1149 2899 *omnipotensspirimssan-

379 2901 646 2957 Suussotum.
748 2899 826 2968 &us3

422 2969 521 3026 Uicum
541 2985 575 3023 ue
583 2967 645 3022 vult
659 2963 711 3022 sal·
781 2967 819 3025 Et
833 2983 927 3026 tamen
942 2983 1000 3024 non
1014 2977 1070 3021 tres
1084 2983 1148 3022 om-

431 3055 481 3095 vus
505 2986 576 3100 eise,
601 3034 619 3069 *¹
646 3050 711 3091 ante
733 3036 904 3107 mipotentes
930 3073 940 3102 ‚
968 3035 985 3071 *
1012 3032 1148 3092 sedunus

432 3104 530 3162 bmnia·
541 3120 609 3171 opus
623 3103 661 3158 ell
679 3118 712 3160 ut
747 3105 937 3176 omnipotens.

310 3171 390 3233 tinea
416 3173 582 3234 cathblicam
595 3169 698 3229 fidem:
780 3175 823 3232 Ita
846 3174 923 3231 Deus
942 3173 1044 3237 Pater,
1069 3169 1149 3229 Deus

345 3242 440 3312 Quam
454 3242 503 3300 nisi
515 3239 626 3309 quisque
638 3241 711 3298 inte·
746 3243 831 3301 Filius
857 3280 867 3311 ‚
888 3243 906 3280 *
924 3241 1001 3299 Deus
1028 3237 1148 3308 Spiritus

310 3323 388 3377 gram
414 3311 632 3376 inviolatamque
657 3310 710 3368 ser·
745 3312 874 3380 sanlius3
940 3328 946 3341 ·

309 3381 438 3459 yiverit,
458 3380 476 3417 ¹*
495 3377 595 3461 absquq
621 3377 709 3437 dubio
779 3382 817 3438 Et
834 3395 928 3438 tamen
946 3396 1004 3437 non
1019 3390 1073 3434 tres
1082 3375 1146 3445 dii.

310 3446 619 3516 maetemumpenbtt.
669 3514 675 3527 .
745 3448 907 3508 *sedunus
921 3449 1051 3505 estDeus.
1118 3510 1127 3527 Ι

322 3517 424 3581 -Fides
441 3530 546 3595 mutem
570 3514 709 3581 catulum
778 3511 1157 3587 ltaDiminusPateu,1202¹
