<?xml version="1.0" encoding="UTF-8"?>
<!DOCTYPE html PUBLIC "-//W3C//DTD XHTML 1.0 Transitional//EN"
    "http://www.w3.org/TR/xhtml1/DTD/xhtml1-transitional.dtd">
<html xmlns="http://www.w3.org/1999/xhtml" xml:lang="en" lang="en">
 <head>
  <title>
</title>
<meta http-equiv="Content-Type" content="text/html;charset=utf-8" />
  <meta name='ocr-system' content='tesseract 3.04.00' />
  <meta name='ocr-capabilities' content='ocr_page ocr_carea ocr_par ocr_line ocrx_word'/>
</head>
<body>
  <div class='ocr_page' id='page_1' title='image "./breviariumvazat01diocgoog/breviariumvazat01diocgoog_0035.png"; bbox 0 0 2959 4284; ppageno 0'>
   <div class='ocr_carea' id='block_1_1' title="bbox 627 446 1145 521">
    <p class='ocr_par' dir='ltr' id='par_1_1' title="bbox 627 446 1145 521">
     <span class='ocr_line' id='line_1_1' title="bbox 627 446 1145 521; baseline 0.004 -15"><span class='ocrx_word' id='word_1_1' title='bbox 627 446 806 521; x_wconf 76' lang='lat' dir='ltr'>Parsprimn.</span> <span class='ocrx_word' id='word_1_2' title='bbox 905 492 910 499; x_wconf 93' lang='lat'>.</span> <span class='ocrx_word' id='word_1_3' title='bbox 1114 447 1145 508; x_wconf 78' lang='lat' dir='ltr'>xi</span> 
     </span>
    </p>
   </div>
   <div class='ocr_carea' id='block_1_2' title="bbox 279 534 1147 2713">
    <p class='ocr_par' dir='ltr' id='par_1_2' title="bbox 279 534 1147 2713">
     <span class='ocr_line' id='line_1_2' title="bbox 287 534 1143 610; baseline -0.001 -11"><span class='ocrx_word' id='word_1_4' title='bbox 287 534 368 599; x_wconf 72' lang='lat' dir='ltr'>iilius</span> <span class='ocrx_word' id='word_1_5' title='bbox 393 540 550 610; x_wconf 68' lang='lat' dir='ltr'>numicis,</span> <span class='ocrx_word' id='word_1_6' title='bbox 586 542 639 600; x_wconf 90' lang='lat' dir='ltr'>erit</span> <span class='ocrx_word' id='word_1_7' title='bbox 667 544 701 599; x_wconf 85' lang='lat' dir='ltr'>de</span> <span class='ocrx_word' id='word_1_8' title='bbox 736 544 872 609; x_wconf 82' lang='lat' dir='ltr'>Festum,</span> <span class='ocrx_word' id='word_1_9' title='bbox 906 540 990 598; x_wconf 85' lang='lat' dir='ltr'>etiam</span> <span class='ocrx_word' id='word_1_10' title='bbox 1013 539 1143 599; x_wconf 80' lang='lat' dir='ltr'>Annuale</span> 
     </span>
     <span class='ocr_line' id='line_1_3' title="bbox 289 608 1147 689; baseline -0.001 -23"><span class='ocrx_word' id='word_1_11' title='bbox 289 608 448 678; x_wconf 84' lang='lat' dir='ltr'>Evangelio</span> <span class='ocrx_word' id='word_1_12' title='bbox 460 612 533 667; x_wconf 86' lang='lat' dir='ltr'>illius</span> <span class='ocrx_word' id='word_1_13' title='bbox 545 609 629 688; x_wconf 65' lang='lat' dir='ltr'>seria</span> <span class='ocrx_word' id='word_1_14' title='bbox 642 631 701 667; x_wconf 88' lang='lat' dir='ltr'>ma·</span> <span class='ocrx_word' id='word_1_15' title='bbox 736 612 869 676; x_wconf 86' lang='lat' dir='ltr'>Patroni,</span> <span class='ocrx_word' id='word_1_16' title='bbox 886 610 914 667; x_wconf 86' lang='lat' dir='ltr'>in</span> <span class='ocrx_word' id='word_1_17' title='bbox 928 611 967 666; x_wconf 86' lang='lat' dir='ltr'>eis</span> <span class='ocrx_word' id='word_1_18' title='bbox 980 626 1147 689; x_wconf 72' lang='lat' dir='ltr'>occurrens,</span> 
     </span>
     <span class='ocr_line' id='line_1_4' title="bbox 291 678 1147 745; baseline -0.001 -11"><span class='ocrx_word' id='word_1_19' title='bbox 291 678 378 742; x_wconf 61' lang='lat' dir='ltr'>ioan,</span> <span class='ocrx_word' id='word_1_20' title='bbox 398 697 456 745; x_wconf 84' lang='lat' dir='ltr'>quae</span> <span class='ocrx_word' id='word_1_21' title='bbox 465 696 607 745; x_wconf 80' lang='lat' dir='ltr'>proprium</span> <span class='ocrx_word' id='word_1_22' title='bbox 618 679 703 736; x_wconf 90' lang='lat' dir='ltr'>habe·</span> <span class='ocrx_word' id='word_1_23' title='bbox 737 680 923 736; x_wconf 75' lang='lat' dir='ltr'>transferatur</span> <span class='ocrx_word' id='word_1_24' title='bbox 943 679 973 733; x_wconf 88' lang='lat' dir='ltr'>in</span> <span class='ocrx_word' id='word_1_25' title='bbox 993 692 1147 745; x_wconf 83' lang='lat' dir='ltr'>proxmuo·</span> 
     </span>
     <span class='ocr_line' id='line_1_5' title="bbox 296 744 1146 814; baseline -0.001 -13"><span class='ocrx_word' id='word_1_26' title='bbox 296 761 339 801; x_wconf 82' lang='grc' dir='ltr'>ιιι</span> <span class='ocrx_word' id='word_1_27' title='bbox 353 745 430 803; x_wconf 77' lang='lat' dir='ltr'>Euan</span> <span class='ocrx_word' id='word_1_28' title='bbox 451 748 535 802; x_wconf 90' lang='lat' dir='ltr'>elium</span> <span class='ocrx_word' id='word_1_29' title='bbox 546 765 555 813; x_wconf 68' lang='grc' dir='ltr'><strong>ς</strong></span> <span class='ocrx_word' id='word_1_30' title='bbox 568 765 624 802; x_wconf 88' lang='lat' dir='ltr'>nou</span> <span class='ocrx_word' id='word_1_31' title='bbox 639 748 703 803; x_wconf 78' lang='lat' dir='ltr'>verb</span> <span class='ocrx_word' id='word_1_32' title='bbox 736 766 796 804; x_wconf 80' lang='lat' dir='ltr'>rem</span> <span class='ocrx_word' id='word_1_33' title='bbox 805 750 878 804; x_wconf 85' lang='lat' dir='ltr'>diem</span> <span class='ocrx_word' id='word_1_34' title='bbox 891 765 947 803; x_wconf 87' lang='lat' dir='ltr'>nou</span> <span class='ocrx_word' id='word_1_35' title='bbox 957 744 1146 814; x_wconf 83' lang='lat' dir='ltr'>impeditam.-</span> 
     </span>
     <span class='ocr_line' id='line_1_6' title="bbox 279 764 1146 893; baseline -0.001 -24"><span class='ocrx_word' id='word_1_36' title='bbox 279 812 333 869; x_wconf 83' lang='lat' dir='ltr'>.de</span> <span class='ocrx_word' id='word_1_37' title='bbox 345 764 533 893; x_wconf 66' lang='lat' dir='ltr'>¹Semiiuplici</span> <span class='ocrx_word' id='word_1_38' title='bbox 557 817 633 876; x_wconf 78' lang='lat' dir='ltr'>cuius</span> <span class='ocrx_word' id='word_1_39' title='bbox 652 816 706 871; x_wconf 92' lang='lat' dir='ltr'>hoc</span> <span class='ocrx_word' id='word_1_40' title='bbox 737 854 743 861; x_wconf 92' lang='lat'>-</span> <span class='ocrx_word' id='word_1_41' title='bbox 764 814 1010 882; x_wconf 76' lang='lat' dir='ltr'>&#39;4..Semidupiicia</span> <span class='ocrx_word' id='word_1_42' title='bbox 1025 812 1053 867; x_wconf 66' lang='grc' dir='ltr'>ὃ(</span> <span class='ocrx_word' id='word_1_43' title='bbox 1074 812 1146 869; x_wconf 82' lang='lat' dir='ltr'>Sim·</span> 
     </span>
     <span class='ocr_line' id='line_1_7' title="bbox 296 878 1145 952; baseline 0 -16"><span class='ocrx_word' id='word_1_44' title='bbox 296 898 371 937; x_wconf 83' lang='lat' dir='ltr'>anno</span> <span class='ocrx_word' id='word_1_45' title='bbox 399 897 587 937; x_wconf 82' lang='lat' dir='ltr'>omitteretur.</span> <span class='ocrx_word' id='word_1_46' title='bbox 602 881 706 939; x_wconf 75' lang='lat' dir='ltr'>Lemo.</span> <span class='ocrx_word' id='word_1_47' title='bbox 742 885 823 952; x_wconf 81' lang='lat' dir='ltr'>plicia</span> <span class='ocrx_word' id='word_1_48' title='bbox 838 878 1145 950; x_wconf 86' lang='lat' dir='ltr'>uunquamtranferun·</span> 
     </span>
     <span class='ocr_line' id='line_1_8' title="bbox 295 947 1145 1019; baseline 0 -14"><span class='ocrx_word' id='word_1_49' title='bbox 295 947 427 1005; x_wconf 78' lang='lat' dir='ltr'>Ceterum</span> <span class='ocrx_word' id='word_1_50' title='bbox 449 949 479 1005; x_wconf 88' lang='lat' dir='ltr'>in</span> <span class='ocrx_word' id='word_1_51' title='bbox 501 948 641 1006; x_wconf 85' lang='lat' dir='ltr'>Laudibus</span> <span class='ocrx_word' id='word_1_52' title='bbox 658 951 705 1006; x_wconf 87' lang='lat' dir='ltr'>fiet</span> <span class='ocrx_word' id='word_1_53' title='bbox 739 968 804 1019; x_wconf 88' lang='lat' dir='ltr'>tur,</span> <span class='ocrx_word' id='word_1_54' title='bbox 824 951 869 1007; x_wconf 88' lang='lat' dir='ltr'>sed</span> <span class='ocrx_word' id='word_1_55' title='bbox 889 948 956 1007; x_wconf 84' lang='lat' dir='ltr'>fide</span> <span class='ocrx_word' id='word_1_56' title='bbox 969 952 1006 1006; x_wconf 83' lang='lat' dir='ltr'>eis</span> <span class='ocrx_word' id='word_1_57' title='bbox 1026 966 1082 1005; x_wconf 89' lang='lat' dir='ltr'>non</span> <span class='ocrx_word' id='word_1_58' title='bbox 1094 948 1145 1005; x_wconf 86' lang='lat' dir='ltr'>siat</span> 
     </span>
     <span class='ocr_line' id='line_1_9' title="bbox 292 1016 1144 1084; baseline 0.001 -13"><span class='ocrx_word' id='word_1_59' title='bbox 292 1016 538 1073; x_wconf 75' lang='lat' dir='ltr'>commemoratio</span> <span class='ocrx_word' id='word_1_60' title='bbox 562 1017 594 1072; x_wconf 91' lang='lat' dir='ltr'>de</span> <span class='ocrx_word' id='word_1_61' title='bbox 616 1018 704 1073; x_wconf 89' lang='lat' dir='ltr'>Semi·</span> <span class='ocrx_word' id='word_1_62' title='bbox 739 1020 890 1084; x_wconf 84' lang='lat' dir='ltr'>Officium,</span> <span class='ocrx_word' id='word_1_63' title='bbox 910 1017 941 1074; x_wconf 84' lang='lat' dir='ltr'>fit</span> <span class='ocrx_word' id='word_1_64' title='bbox 962 1018 1144 1074; x_wconf 84' lang='lat' dir='ltr'>Commemo-</span> 
     </span>
     <span class='ocr_line' id='line_1_10' title="bbox 292 1083 1145 1157; baseline 0 -16"><span class='ocrx_word' id='word_1_65' title='bbox 292 1083 401 1151; x_wconf 84' lang='lat' dir='ltr'>duplici</span> <span class='ocrx_word' id='word_1_66' title='bbox 413 1099 477 1157; x_wconf 81' lang='lat' dir='ltr'>aute</span> <span class='ocrx_word' id='word_1_67' title='bbox 495 1083 706 1142; x_wconf 82' lang='lat' dir='ltr'>Commemora·</span> <span class='ocrx_word' id='word_1_68' title='bbox 740 1087 812 1143; x_wconf 86' lang='lat' dir='ltr'>ratio</span> <span class='ocrx_word' id='word_1_69' title='bbox 840 1089 860 1144; x_wconf 82' lang='lat' dir='ltr'>si</span> <span class='ocrx_word' id='word_1_70' title='bbox 887 1084 1012 1144; x_wconf 86' lang='lat' dir='ltr'>facienda</span> <span class='ocrx_word' id='word_1_71' title='bbox 1028 1087 1088 1150; x_wconf 84' lang='lat' dir='ltr'>·slt.‚</span> <span class='ocrx_word' id='word_1_72' title='bbox 1112 1095 1145 1141; x_wconf 81' lang='lat' dir='ltr'>ut</span> 
     </span>
     <span class='ocr_line' id='line_1_11' title="bbox 291 1150 1145 1230; baseline 0.001 -23"><span class='ocrx_word' id='word_1_73' title='bbox 291 1153 499 1209; x_wconf 72' lang='lat' dir='ltr'>tionemi&#39;eriae</span> <span class='ocrx_word' id='word_1_74' title='bbox 513 1153 634 1214; x_wconf 86' lang='lat' dir='ltr'>maioris.</span> <span class='ocrx_word' id='word_1_75' title='bbox 682 1218 689 1230; x_wconf 41' lang='lat'><strong>·</strong></span> <span class='ocrx_word' id='word_1_76' title='bbox 737 1155 838 1211; x_wconf 74' lang='lat' dir='ltr'>disium</span> <span class='ocrx_word' id='word_1_77' title='bbox 869 1155 907 1210; x_wconf 80' lang='lat' dir='ltr'>est</span> <span class='ocrx_word' id='word_1_78' title='bbox 934 1153 999 1223; x_wconf 75' lang='lat' dir='ltr'>Cap.</span> <span class='ocrx_word' id='word_1_79' title='bbox 1027 1151 1083 1209; x_wconf 84' lang='lat' dir='ltr'>Xs.</span> <span class='ocrx_word' id='word_1_80' title='bbox 1111 1150 1145 1211; x_wconf 77' lang='lat' dir='ltr'>do</span> 
     </span>
     <span class='ocr_line' id='line_1_12' title="bbox 334 1218 1055 1288; baseline 0.003 -13"><span class='ocrx_word' id='word_1_81' title='bbox 334 1240 379 1276; x_wconf 82' lang='grc' dir='ltr'>ιι.</span> <span class='ocrx_word' id='word_1_82' title='bbox 413 1218 704 1288; x_wconf 83' lang='lat' dir='ltr'>Quando·conting1t</span> <span class='ocrx_word' id='word_1_83' title='bbox 739 1221 1055 1279; x_wconf 70' lang='lat' dir='ltr'>commemorationibus.</span> 
     </span>
     <span class='ocr_line' id='line_1_13' title="bbox 289 1285 1144 1358; baseline 0.002 -15"><span class='ocrx_word' id='word_1_84' title='bbox 289 1288 387 1356; x_wconf 77' lang='lat' dir='ltr'>plures</span> <span class='ocrx_word' id='word_1_85' title='bbox 412 1287 471 1343; x_wconf 84' lang='lat' dir='ltr'>sieri</span> <span class='ocrx_word' id='word_1_86' title='bbox 496 1287 704 1344; x_wconf 85' lang='lat' dir='ltr'>Commemora·</span> <span class='ocrx_word' id='word_1_87' title='bbox 736 1338 739 1345; x_wconf 87' lang='lat'>.</span> <span class='ocrx_word' id='word_1_88' title='bbox 775 1290 798 1358; x_wconf 79' lang='grc' dir='ltr'>ς’.</span> <span class='ocrx_word' id='word_1_89' title='bbox 810 1290 882 1347; x_wconf 73' lang='lat' dir='ltr'>Cum</span> <span class='ocrx_word' id='word_1_90' title='bbox 895 1289 1060 1345; x_wconf 84' lang='lat' dir='ltr'>transfertur</span> <span class='ocrx_word' id='word_1_91' title='bbox 1073 1285 1144 1345; x_wconf 82' lang='lat' dir='ltr'>offi-</span> 
     </span>
     <span class='ocr_line' id='line_1_14' title="bbox 290 1354 1143 1425; baseline 0.004 -14"><span class='ocrx_word' id='word_1_92' title='bbox 290 1357 414 1421; x_wconf 84' lang='lat' dir='ltr'>tiones,</span> <span class='ocrx_word' id='word_1_93' title='bbox 446 1355 551 1422; x_wconf 82' lang='lat' dir='ltr'>semper</span> <span class='ocrx_word' id='word_1_94' title='bbox 574 1356 704 1412; x_wconf 86' lang='lat' dir='ltr'>Comme-</span> <span class='ocrx_word' id='word_1_95' title='bbox 739 1358 812 1414; x_wconf 88' lang='lat' dir='ltr'>cium</span> <span class='ocrx_word' id='word_1_96' title='bbox 833 1358 862 1413; x_wconf 90' lang='lat' dir='ltr'>in</span> <span class='ocrx_word' id='word_1_97' title='bbox 877 1375 938 1425; x_wconf 88' lang='lat' dir='ltr'>.quo</span> <span class='ocrx_word' id='word_1_98' title='bbox 954 1356 1012 1413; x_wconf 87' lang='lat' dir='ltr'>fieri</span> <span class='ocrx_word' id='word_1_99' title='bbox 1031 1354 1143 1414; x_wconf 81' lang='lat' dir='ltr'>deberet</span> 
     </span>
     <span class='ocr_line' id='line_1_15' title="bbox 291 1422 1144 1491; baseline -0.001 -11"><span class='ocrx_word' id='word_1_100' title='bbox 291 1424 417 1480; x_wconf 81' lang='lat' dir='ltr'>motatio</span> <span class='ocrx_word' id='word_1_101' title='bbox 431 1423 503 1479; x_wconf 84' lang='lat' dir='ltr'>Fesii</span> <span class='ocrx_word' id='word_1_102' title='bbox 513 1422 545 1479; x_wconf 88' lang='lat' dir='ltr'>de</span> <span class='ocrx_word' id='word_1_103' title='bbox 558 1442 613 1491; x_wconf 84' lang='lat' dir='ltr'>quo</span> <span class='ocrx_word' id='word_1_104' title='bbox 627 1422 703 1479; x_wconf 87' lang='lat' dir='ltr'>fieret</span> <span class='ocrx_word' id='word_1_105' title='bbox 734 1425 979 1483; x_wconf 85' lang='lat' dir='ltr'>.Commemoratio</span> <span class='ocrx_word' id='word_1_106' title='bbox 1017 1425 1107 1491; x_wconf 85' lang='lat' dir='ltr'>aliqua</span> <span class='ocrx_word' id='word_1_107' title='bbox 1133 1458 1144 1490; x_wconf 88' lang='lat'>,</span> 
     </span>
     <span class='ocr_line' id='line_1_16' title="bbox 294 1490 1144 1558; baseline -0.002 -11"><span class='ocrx_word' id='word_1_108' title='bbox 294 1492 449 1555; x_wconf 86' lang='lat' dir='ltr'>Officium,</span> <span class='ocrx_word' id='word_1_109' title='bbox 468 1492 595 1558; x_wconf 75' lang='lat' dir='ltr'>praecedit</span> <span class='ocrx_word' id='word_1_110' title='bbox 614 1491 703 1548; x_wconf 88' lang='lat' dir='ltr'>Com·</span> <span class='ocrx_word' id='word_1_111' title='bbox 737 1493 976 1549; x_wconf 69' lang='lat' dir='ltr'>Commemoratur</span> <span class='ocrx_word' id='word_1_112' title='bbox 989 1509 1045 1548; x_wconf 90' lang='lat' dir='ltr'>non</span> <span class='ocrx_word' id='word_1_113' title='bbox 1056 1490 1144 1548; x_wconf 83' lang='lat' dir='ltr'>trans·</span> 
     </span>
     <span class='ocr_line' id='line_1_17' title="bbox 295 1556 1143 1626; baseline 0 -11"><span class='ocrx_word' id='word_1_114' title='bbox 295 1560 528 1615; x_wconf 84' lang='lat' dir='ltr'>memorationem</span> <span class='ocrx_word' id='word_1_115' title='bbox 540 1561 596 1621; x_wconf 84' lang='lat' dir='ltr'>eius</span> <span class='ocrx_word' id='word_1_116' title='bbox 606 1560 638 1616; x_wconf 89' lang='lat' dir='ltr'>de</span> <span class='ocrx_word' id='word_1_117' title='bbox 648 1577 703 1626; x_wconf 81' lang='lat' dir='ltr'>quo</span> <span class='ocrx_word' id='word_1_118' title='bbox 736 1560 844 1624; x_wconf 81' lang='lat' dir='ltr'>fertur,</span> <span class='ocrx_word' id='word_1_119' title='bbox 869 1559 914 1615; x_wconf 89' lang='lat' dir='ltr'>sed</span> <span class='ocrx_word' id='word_1_120' title='bbox 927 1559 958 1615; x_wconf 86' lang='lat' dir='ltr'>fit</span> <span class='ocrx_word' id='word_1_121' title='bbox 971 1560 1018 1615; x_wconf 88' lang='lat' dir='ltr'>suo</span> <span class='ocrx_word' id='word_1_122' title='bbox 1032 1558 1098 1623; x_wconf 82' lang='lat' dir='ltr'>die,</span> <span class='ocrx_word' id='word_1_123' title='bbox 1123 1556 1143 1615; x_wconf 77' lang='lat' dir='ltr'>ss</span> 
     </span>
     <span class='ocr_line' id='line_1_18' title="bbox 294 1625 1143 1707; baseline 0 -25"><span class='ocrx_word' id='word_1_124' title='bbox 294 1626 422 1706; x_wconf 73' lang='lat' dir='ltr'>facienda</span> <span class='ocrx_word' id='word_1_125' title='bbox 443 1625 550 1683; x_wconf 72' lang='lat' dir='ltr'>tannim</span> <span class='ocrx_word' id='word_1_126' title='bbox 569 1627 633 1684; x_wconf 83' lang='lat' dir='ltr'>esser</span> <span class='ocrx_word' id='word_1_127' title='bbox 646 1644 702 1682; x_wconf 87' lang='lat' dir='ltr'>me·</span> <span class='ocrx_word' id='word_1_128' title='bbox 737 1628 897 1707; x_wconf 77' lang='lat' dir='ltr'>solemnitas</span> <span class='ocrx_word' id='word_1_129' title='bbox 920 1628 974 1684; x_wconf 83' lang='lat' dir='ltr'>diei</span> <span class='ocrx_word' id='word_1_130' title='bbox 997 1627 1143 1694; x_wconf 68' lang='lat' dir='ltr'>patiatura</span> 
     </span>
     <span class='ocr_line' id='line_1_19' title="bbox 298 1696 1109 1753; baseline -0.005 0"><span class='ocrx_word' id='word_1_131' title='bbox 298 1713 402 1753; x_wconf 85' lang='lat' dir='ltr'>morra.</span> <span class='ocrx_word' id='word_1_132' title='bbox 738 1697 815 1753; x_wconf 79' lang='lat' dir='ltr'>secus</span> <span class='ocrx_word' id='word_1_133' title='bbox 825 1696 966 1752; x_wconf 77' lang='lat' dir='ltr'>omittitur</span> <span class='ocrx_word' id='word_1_134' title='bbox 979 1713 1011 1749; x_wconf 91' lang='lat' dir='ltr'>eo</span> <span class='ocrx_word' id='word_1_135' title='bbox 1024 1712 1109 1750; x_wconf 88' lang='lat' dir='ltr'>anno.</span> 
     </span>
     <span class='ocr_line' id='line_1_20' title="bbox 341 1759 1142 1819; baseline -0.001 0"><span class='ocrx_word' id='word_1_136' title='bbox 341 1762 506 1819; x_wconf 74' lang='lat' dir='ltr'><strong>CAPUT</strong></span> <span class='ocrx_word' id='word_1_137' title='bbox 537 1759 653 1818; x_wconf 86' lang='lat' dir='ltr'><strong>XIII.</strong></span> <span class='ocrx_word' id='word_1_138' title='bbox 769 1773 795 1819; x_wconf 87' lang='lat'>6.</span> <span class='ocrx_word' id='word_1_139' title='bbox 810 1764 838 1819; x_wconf 86' lang='lat' dir='ltr'>Si</span> <span class='ocrx_word' id='word_1_140' title='bbox 852 1762 928 1819; x_wconf 81' lang='lat' dir='ltr'>Festa</span> <span class='ocrx_word' id='word_1_141' title='bbox 942 1763 1079 1817; x_wconf 82' lang='lat' dir='ltr'>Annualia</span> <span class='ocrx_word' id='word_1_142' title='bbox 1092 1766 1142 1819; x_wconf 78' lang='lat' dir='ltr'>aut</span> 
     </span>
     <span class='ocr_line' id='line_1_21' title="bbox 295 1828 1142 1894; baseline -0.001 -8"><span class='ocrx_word' id='word_1_143' title='bbox 295 1828 333 1886; x_wconf 81' lang='lat' dir='ltr'>De</span> <span class='ocrx_word' id='word_1_144' title='bbox 346 1828 524 1887; x_wconf 83' lang='lat' dir='ltr'>Ocnurenu&#39;n</span> <span class='ocrx_word' id='word_1_145' title='bbox 537 1829 561 1886; x_wconf 74' lang='lat' dir='ltr'>ss</span> <span class='ocrx_word' id='word_1_146' title='bbox 575 1829 699 1894; x_wconf 67' lang='lat' dir='ltr'>Tmolia-</span> <span class='ocrx_word' id='word_1_147' title='bbox 736 1831 875 1888; x_wconf 89' lang='lat' dir='ltr'>Solemnia</span> <span class='ocrx_word' id='word_1_148' title='bbox 896 1830 1030 1887; x_wconf 66' lang='lat' dir='ltr'>Festinata</span> <span class='ocrx_word' id='word_1_149' title='bbox 1054 1829 1142 1885; x_wconf 86' lang='lat' dir='ltr'>traus-</span> 
     </span>
     <span class='ocr_line' id='line_1_22' title="bbox 343 1896 1142 1965; baseline 0 -12"><span class='ocrx_word' id='word_1_150' title='bbox 343 1913 351 1922; x_wconf 88' lang='lat'><em>·</em></span> <span class='ocrx_word' id='word_1_151' title='bbox 386 1900 460 1953; x_wconf 81' lang='lat' dir='ltr'>aione</span> <span class='ocrx_word' id='word_1_152' title='bbox 469 1898 613 1961; x_wconf 69' lang='lat' dir='ltr'>Foliorum.</span> <span class='ocrx_word' id='word_1_153' title='bbox 654 1940 658 1951; x_wconf 94' lang='lat'>.</span> <span class='ocrx_word' id='word_1_154' title='bbox 734 1900 879 1965; x_wconf 81' lang='lat' dir='ltr'>ferantur,</span> <span class='ocrx_word' id='word_1_155' title='bbox 908 1896 1079 1954; x_wconf 79' lang='lat' dir='ltr'>Feriivantur</span> <span class='ocrx_word' id='word_1_156' title='bbox 1107 1914 1142 1953; x_wconf 87' lang='lat' dir='ltr'>eo</span> 
     </span>
     <span class='ocr_line' id='line_1_23' title="bbox 296 1962 1142 2034; baseline 0.002 -13"><span class='ocrx_word' id='word_1_157' title='bbox 296 1985 319 2022; x_wconf 87' lang='grc' dir='ltr'>ι.</span> <span class='ocrx_word' id='word_1_158' title='bbox 375 1962 647 2022; x_wconf 85' lang='lat' dir='ltr'>Idquestaeodem</span> <span class='ocrx_word' id='word_1_159' title='bbox 657 1963 700 2019; x_wconf 86' lang='lat' dir='ltr'>die</span> <span class='ocrx_word' id='word_1_160' title='bbox 734 1968 777 2024; x_wconf 85' lang='lat' dir='ltr'>die</span> <span class='ocrx_word' id='word_1_161' title='bbox 787 1969 815 2023; x_wconf 91' lang='lat' dir='ltr'>in</span> <span class='ocrx_word' id='word_1_162' title='bbox 825 1984 906 2034; x_wconf 83' lang='lat' dir='ltr'>quem</span> <span class='ocrx_word' id='word_1_163' title='bbox 921 1965 1142 2032; x_wconf 68' lang='lat' dir='ltr'>transferuntura</span> 
     </span>
     <span class='ocr_line' id='line_1_24' title="bbox 353 2032 1142 2101; baseline 0 -12"><span class='ocrx_word' id='word_1_164' title='bbox 353 2090 357 2099; x_wconf 80' lang='grc'><strong>,</strong></span> <span class='ocrx_word' id='word_1_165' title='bbox 384 2032 633 2098; x_wconf 72' lang='lat' dir='ltr'>finurloccurrant‚</span> <span class='ocrx_word' id='word_1_166' title='bbox 649 2032 699 2089; x_wconf 83' lang='lat' dir='ltr'>Of-</span> <span class='ocrx_word' id='word_1_167' title='bbox 732 2050 821 2092; x_wconf 81' lang='lat' dir='ltr'>eetera</span> <span class='ocrx_word' id='word_1_168' title='bbox 846 2034 922 2090; x_wconf 85' lang='lat' dir='ltr'>Fesia</span> <span class='ocrx_word' id='word_1_169' title='bbox 941 2034 957 2091; x_wconf 74' lang='lat' dir='ltr'>a</span> <span class='ocrx_word' id='word_1_170' title='bbox 974 2035 1080 2101; x_wconf 77' lang='lat' dir='ltr'>populo</span> <span class='ocrx_word' id='word_1_171' title='bbox 1098 2032 1142 2089; x_wconf 82' lang='lat' dir='ltr'>se-</span> 
     </span>
     <span class='ocr_line' id='line_1_25' title="bbox 294 2100 1142 2178; baseline -0.002 -21"><span class='ocrx_word' id='word_1_172' title='bbox 294 2100 386 2158; x_wconf 88' lang='lat' dir='ltr'>ficium</span> <span class='ocrx_word' id='word_1_173' title='bbox 399 2100 432 2157; x_wconf 87' lang='lat' dir='ltr'>sit</span> <span class='ocrx_word' id='word_1_174' title='bbox 448 2101 480 2157; x_wconf 89' lang='lat' dir='ltr'>de</span> <span class='ocrx_word' id='word_1_175' title='bbox 494 2100 571 2178; x_wconf 34' lang='lat' dir='ltr'>Feri-o</span> <span class='ocrx_word' id='word_1_176' title='bbox 582 2101 698 2168; x_wconf 79' lang='lat' dir='ltr'>superio</span> <span class='ocrx_word' id='word_1_177' title='bbox 733 2101 1142 2168; x_wconf 74' lang='lat' dir='ltr'>riata‚ciun&#39;nnticipanturaut</span> 
     </span>
     <span class='ocr_line' id='line_1_26' title="bbox 296 2167 1140 2238; baseline 0 -13"><span class='ocrx_word' id='word_1_178' title='bbox 296 2171 327 2225; x_wconf 84' lang='lat' dir='ltr'>ris</span> <span class='ocrx_word' id='word_1_179' title='bbox 336 2169 699 2238; x_wconf 79' lang='lat' dir='ltr'>gradiis‚transierturverii</span> <span class='ocrx_word' id='word_1_180' title='bbox 734 2171 959 2233; x_wconf 81' lang='lat' dir='ltr'>transferuntur,</span> <span class='ocrx_word' id='word_1_181' title='bbox 987 2186 1044 2225; x_wconf 88' lang='lat' dir='ltr'>uon</span> <span class='ocrx_word' id='word_1_182' title='bbox 1075 2167 1140 2225; x_wconf 86' lang='lat' dir='ltr'>Fes-</span> 
     </span>
     <span class='ocr_line' id='line_1_27' title="bbox 294 2234 1143 2303; baseline 0 -10"><span class='ocrx_word' id='word_1_183' title='bbox 294 2236 402 2295; x_wconf 77' lang='lat' dir='ltr'>Festum</span> <span class='ocrx_word' id='word_1_184' title='bbox 425 2236 522 2303; x_wconf 79' lang='lat' dir='ltr'>gradus</span> <span class='ocrx_word' id='word_1_185' title='bbox 541 2234 700 2300; x_wconf 86' lang='lat' dir='ltr'>inferioris,</span> <span class='ocrx_word' id='word_1_186' title='bbox 734 2240 881 2302; x_wconf 68' lang='lat' dir='ltr'>tuantur,</span> <span class='ocrx_word' id='word_1_187' title='bbox 900 2235 943 2291; x_wconf 79' lang='lat' dir='ltr'>sed</span> <span class='ocrx_word' id='word_1_188' title='bbox 958 2235 989 2292; x_wconf 80' lang='lat' dir='ltr'>de</span> <span class='ocrx_word' id='word_1_189' title='bbox 1002 2238 1036 2293; x_wconf 86' lang='lat' dir='ltr'>iis</span> <span class='ocrx_word' id='word_1_190' title='bbox 1050 2235 1143 2293; x_wconf 82' lang='lat' dir='ltr'>solirm</span> 
     </span>
     <span class='ocr_line' id='line_1_28' title="bbox 296 2303 1142 2382; baseline 0.001 -21"><span class='ocrx_word' id='word_1_191' title='bbox 296 2306 313 2361; x_wconf 87' lang='lat' dir='ltr'>ii</span> <span class='ocrx_word' id='word_1_192' title='bbox 327 2304 358 2361; x_wconf 83' lang='lat' dir='ltr'>sit</span> <span class='ocrx_word' id='word_1_193' title='bbox 372 2303 603 2361; x_wconf 86' lang='lat' dir='ltr'>transferendum.</span> <span class='ocrx_word' id='word_1_194' title='bbox 618 2304 701 2382; x_wconf 64' lang='lat' dir='ltr'>Quogi</span> <span class='ocrx_word' id='word_1_195' title='bbox 734 2307 766 2363; x_wconf 83' lang='lat' dir='ltr'>fit</span> <span class='ocrx_word' id='word_1_196' title='bbox 778 2306 906 2363; x_wconf 83' lang='lat' dir='ltr'>Officium</span> <span class='ocrx_word' id='word_1_197' title='bbox 920 2322 954 2360; x_wconf 87' lang='lat' dir='ltr'>eo</span> <span class='ocrx_word' id='word_1_198' title='bbox 963 2304 1006 2359; x_wconf 87' lang='lat' dir='ltr'>die</span> <span class='ocrx_word' id='word_1_199' title='bbox 1020 2304 1142 2371; x_wconf 74' lang='lat' dir='ltr'>inquens</span> 
     </span>
     <span class='ocr_line' id='line_1_29' title="bbox 295 2371 1142 2440; baseline 0 -11"><span class='ocrx_word' id='word_1_200' title='bbox 295 2372 375 2429; x_wconf 77' lang='lat' dir='ltr'>sismt</span> <span class='ocrx_word' id='word_1_201' title='bbox 389 2372 509 2433; x_wconf 82' lang='lat' dir='ltr'>eiusdem</span> <span class='ocrx_word' id='word_1_202' title='bbox 522 2371 636 2438; x_wconf 77' lang='lat' dir='ltr'>gradus,</span> <span class='ocrx_word' id='word_1_203' title='bbox 648 2371 700 2427; x_wconf 81' lang='lat' dir='ltr'>Oi·</span> <span class='ocrx_word' id='word_1_204' title='bbox 734 2393 769 2429; x_wconf 86' lang='lat' dir='ltr'>ex</span> <span class='ocrx_word' id='word_1_205' title='bbox 783 2372 980 2440; x_wconf 72' lang='lat' dir='ltr'>anticipatione</span> <span class='ocrx_word' id='word_1_206' title='bbox 996 2386 1043 2427; x_wconf 88' lang='lat' dir='ltr'>aut</span> <span class='ocrx_word' id='word_1_207' title='bbox 1056 2371 1142 2431; x_wconf 75' lang='lat' dir='ltr'>trans</span> 
     </span>
     <span class='ocr_line' id='line_1_30' title="bbox 295 2439 1142 2517; baseline 0 -22"><span class='ocrx_word' id='word_1_208' title='bbox 295 2440 387 2497; x_wconf 77' lang='lat' dir='ltr'>ficium</span> <span class='ocrx_word' id='word_1_209' title='bbox 404 2440 453 2495; x_wconf 88' lang='lat' dir='ltr'>fiat</span> <span class='ocrx_word' id='word_1_210' title='bbox 468 2439 500 2494; x_wconf 91' lang='lat' dir='ltr'>de</span> <span class='ocrx_word' id='word_1_211' title='bbox 512 2439 653 2517; x_wconf 80' lang='lat' dir='ltr'>digniori,</span> <span class='ocrx_word' id='word_1_212' title='bbox 673 2441 701 2495; x_wconf 87' lang='lat'>&amp;</span> <span class='ocrx_word' id='word_1_213' title='bbox 735 2443 839 2499; x_wconf 87' lang='lat' dir='ltr'>latione</span> <span class='ocrx_word' id='word_1_214' title='bbox 851 2440 1013 2496; x_wconf 87' lang='lat' dir='ltr'>celebranda</span> <span class='ocrx_word' id='word_1_215' title='bbox 1026 2439 1105 2506; x_wconf 65' lang='lat' dir='ltr'>sunu</span> <span class='ocrx_word' id='word_1_216' title='bbox 1122 2439 1142 2495; x_wconf 89' lang='lat' dir='ltr'>s1</span> 
     </span>
     <span class='ocr_line' id='line_1_31' title="bbox 296 2507 1143 2574; baseline 0.001 -11"><span class='ocrx_word' id='word_1_217' title='bbox 296 2507 702 2573; x_wconf 80' lang='lat' dir='ltr'>aransi&#39;eraturmiuirsdrgnum,</span> <span class='ocrx_word' id='word_1_218' title='bbox 735 2507 1143 2574; x_wconf 72' lang='lat' dir='ltr'>tamenuupux-mainsnnis-</span> 
     </span>
     <span class='ocr_line' id='line_1_32' title="bbox 298 2574 1143 2643; baseline -0.002 -11"><span class='ocrx_word' id='word_1_219' title='bbox 298 2576 317 2632; x_wconf 79' lang='lat' dir='ltr'>fi</span> <span class='ocrx_word' id='word_1_220' title='bbox 328 2576 475 2633; x_wconf 82' lang='lat' dir='ltr'>transferri</span> <span class='ocrx_word' id='word_1_221' title='bbox 488 2574 578 2642; x_wconf 78' lang='lat' dir='ltr'>po&#39;ffit.</span> <span class='ocrx_word' id='word_1_222' title='bbox 738 2577 843 2633; x_wconf 81' lang='lat' dir='ltr'>feratur</span> <span class='ocrx_word' id='word_1_223' title='bbox 855 2576 927 2631; x_wconf 67' lang='lat' dir='ltr'>eriis</span> <span class='ocrx_word' id='word_1_224' title='bbox 944 2592 1000 2631; x_wconf 88' lang='lat' dir='ltr'>uon</span> <span class='ocrx_word' id='word_1_225' title='bbox 1022 2574 1143 2643; x_wconf 83' lang='lat' dir='ltr'>feriato,</span> 
     </span>
     <span class='ocr_line' id='line_1_33' title="bbox 299 2638 1144 2713; baseline 0 -14"><span class='ocrx_word' id='word_1_226' title='bbox 299 2682 303 2689; x_wconf 91' lang='lat'>-</span> <span class='ocrx_word' id='word_1_227' title='bbox 330 2664 353 2699; x_wconf 87' lang='lat' dir='ltr'>z.</span> <span class='ocrx_word' id='word_1_228' title='bbox 369 2645 398 2699; x_wconf 88' lang='lat' dir='ltr'>Si</span> <span class='ocrx_word' id='word_1_229' title='bbox 427 2642 535 2700; x_wconf 83' lang='lat' dir='ltr'>Festum</span> <span class='ocrx_word' id='word_1_230' title='bbox 561 2638 702 2697; x_wconf 83' lang='lat' dir='ltr'>inferioris</span> <span class='ocrx_word' id='word_1_231' title='bbox 738 2644 869 2713; x_wconf 50' lang='lat' dir='ltr'>unsis</span> <span class='ocrx_word' id='word_1_232' title='bbox 887 2640 1144 2701; x_wconf 75' lang='lat' dir='ltr'>dieiuuiisebdo·</span> 
     </span>
    </p>
   </div>
   <div class='ocr_carea' id='block_1_3' title="bbox 295 2704 1144 2969">
    <p class='ocr_par' dir='ltr' id='par_1_3' title="bbox 295 2704 1144 2969">
     <span class='ocr_line' id='line_1_34' title="bbox 295 2704 1144 2780; baseline -0.001 -14"><span class='ocrx_word' id='word_1_233' title='bbox 295 2711 469 2780; x_wconf 53' lang='lat' dir='ltr'>gradenses</span> <span class='ocrx_word' id='word_1_234' title='bbox 479 2710 612 2767; x_wconf 86' lang='lat' dir='ltr'>ineo&#39;dem</span> <span class='ocrx_word' id='word_1_235' title='bbox 620 2710 703 2774; x_wconf 79' lang='lat' dir='ltr'>gradu</span> <span class='ocrx_word' id='word_1_236' title='bbox 738 2713 831 2769; x_wconf 80' lang='lat' dir='ltr'>suadas</span> <span class='ocrx_word' id='word_1_237' title='bbox 848 2704 974 2767; x_wconf 70' lang='lat' dir='ltr'>¹Paschae&#39;</span> <span class='ocrx_word' id='word_1_238' title='bbox 992 2710 1144 2769; x_wconf 52' lang='lat' dir='ltr'>&amp;Pente-</span> 
     </span>
     <span class='ocr_line' id='line_1_35' title="bbox 296 2775 1144 2847; baseline 0 -11"><span class='ocrx_word' id='word_1_239' title='bbox 296 2777 612 2847; x_wconf 73' lang='lat' dir='ltr'>minirsdignumnonsn</span> <span class='ocrx_word' id='word_1_240' title='bbox 621 2775 704 2833; x_wconf 77' lang='lat' dir='ltr'>trans·</span> <span class='ocrx_word' id='word_1_241' title='bbox 737 2780 825 2836; x_wconf 81' lang='lat' dir='ltr'>costes</span> <span class='ocrx_word' id='word_1_242' title='bbox 838 2778 950 2845; x_wconf 47' lang='lat' dir='ltr'>aeonia</span> <span class='ocrx_word' id='word_1_243' title='bbox 961 2776 1144 2836; x_wconf 69' lang='lat' dir='ltr'>serishirur-iu</span> 
     </span>
     <span class='ocr_line' id='line_1_36' title="bbox 297 2844 1105 2969; baseline 0 -66"><span class='ocrx_word' id='word_1_244' title='bbox 297 2846 442 2903; x_wconf 85' lang='lat' dir='ltr'>serendum</span> <span class='ocrx_word' id='word_1_245' title='bbox 455 2884 463 2911; x_wconf 88' lang='lat'>,</span> <span class='ocrx_word' id='word_1_246' title='bbox 476 2845 508 2901; x_wconf 83' lang='lat' dir='ltr'>de</span> <span class='ocrx_word' id='word_1_247' title='bbox 516 2864 549 2901; x_wconf 90' lang='lat' dir='ltr'>eo</span> <span class='ocrx_word' id='word_1_248' title='bbox 562 2845 703 2902; x_wconf 81' lang='lat' dir='ltr'>fiarCom·</span> <span class='ocrx_word' id='word_1_249' title='bbox 739 2846 918 2969; x_wconf 47' lang='lat' dir='ltr'>qrsffuliiserit</span> <span class='ocrx_word' id='word_1_250' title='bbox 932 2844 1105 2903; x_wconf 82' lang='lat' dir='ltr'>transsatum.</span> 
     </span>
    </p>
   </div>
   <div class='ocr_carea' id='block_1_4' title="bbox 294 2913 1152 3587">
    <p class='ocr_par' dir='ltr' id='par_1_4' title="bbox 294 2913 1152 3587">
     <span class='ocr_line' id='line_1_37' title="bbox 299 2913 1146 2979; baseline -0.001 -8"><span class='ocrx_word' id='word_1_251' title='bbox 299 2915 484 2979; x_wconf 60' lang='lat' dir='ltr'>numeratio,</span> <span class='ocrx_word' id='word_1_252' title='bbox 499 2913 705 2969; x_wconf 84' lang='lat' dir='ltr'>uifieamomit-</span> <span class='ocrx_word' id='word_1_253' title='bbox 835 2920 851 2970; x_wconf 80' lang='lat' dir='ltr'>&#39;n</span> <span class='ocrx_word' id='word_1_254' title='bbox 874 2913 1146 2973; x_wconf 65' lang='lat' dir='ltr'>Transsationesef-</span> 
     </span>
     <span class='ocr_line' id='line_1_38' title="bbox 299 2981 1146 3055; baseline 0 -18"><span class='ocrx_word' id='word_1_255' title='bbox 299 2985 370 3039; x_wconf 71' lang='lat' dir='ltr'>tendi</span> <span class='ocrx_word' id='word_1_256' title='bbox 384 2982 459 3038; x_wconf 88' lang='lat' dir='ltr'>ratio</span> <span class='ocrx_word' id='word_1_257' title='bbox 475 2982 564 3047; x_wconf 88' lang='lat' dir='ltr'>aliqua</span> <span class='ocrx_word' id='word_1_258' title='bbox 587 2982 705 3036; x_wconf 77' lang='lat' dir='ltr'>interve·</span> <span class='ocrx_word' id='word_1_259' title='bbox 738 3002 836 3039; x_wconf 82' lang='lat' dir='ltr'>rorum</span> <span class='ocrx_word' id='word_1_260' title='bbox 850 2983 904 3038; x_wconf 78' lang='lat' dir='ltr'>hoe</span> <span class='ocrx_word' id='word_1_261' title='bbox 916 2981 1033 3038; x_wconf 67' lang='lat' dir='ltr'>maximi</span> <span class='ocrx_word' id='word_1_262' title='bbox 1049 2981 1146 3055; x_wconf 79' lang='lat' dir='ltr'>obser·</span> 
     </span>
     <span class='ocr_line' id='line_1_39' title="bbox 304 3047 1147 3127; baseline 0.002 -22"><span class='ocrx_word' id='word_1_263' title='bbox 304 3050 389 3116; x_wconf 72' lang='lat' dir='ltr'>uerit,</span> <span class='ocrx_word' id='word_1_264' title='bbox 417 3063 450 3105; x_wconf 84' lang='lat' dir='ltr'>ut</span> <span class='ocrx_word' id='word_1_265' title='bbox 463 3047 563 3105; x_wconf 68' lang='lat' dir='ltr'>dissum</span> <span class='ocrx_word' id='word_1_266' title='bbox 587 3049 623 3104; x_wconf 87' lang='lat' dir='ltr'>esi</span> <span class='ocrx_word' id='word_1_267' title='bbox 639 3048 705 3127; x_wconf 59' lang='lat' dir='ltr'>sisu.</span> <span class='ocrx_word' id='word_1_268' title='bbox 740 3051 859 3107; x_wconf 82' lang='lat' dir='ltr'>vandum</span> <span class='ocrx_word' id='word_1_269' title='bbox 884 3051 942 3112; x_wconf 80' lang='lat' dir='ltr'>est,</span> <span class='ocrx_word' id='word_1_270' title='bbox 964 3065 998 3105; x_wconf 82' lang='lat' dir='ltr'>un</span> <span class='ocrx_word' id='word_1_271' title='bbox 1009 3049 1056 3108; x_wconf 73' lang='lat' dir='ltr'>siu</span> <span class='ocrx_word' id='word_1_272' title='bbox 1068 3050 1147 3107; x_wconf 83' lang='lat' dir='ltr'>Fesso</span> 
     </span>
     <span class='ocr_line' id='line_1_40' title="bbox 301 3114 1147 3177; baseline 0.002 -4"><span class='ocrx_word' id='word_1_273' title='bbox 301 3116 350 3173; x_wconf 68' lang='lat' dir='ltr'>XI.</span> <span class='ocrx_word' id='word_1_274' title='bbox 372 3119 407 3174; x_wconf 80' lang='lat' dir='ltr'>de</span> <span class='ocrx_word' id='word_1_275' title='bbox 434 3114 705 3173; x_wconf 80' lang='lat' dir='ltr'>Commemornuom·</span> <span class='ocrx_word' id='word_1_276' title='bbox 739 3117 872 3173; x_wconf 74' lang='lat' dir='ltr'>transsato</span> <span class='ocrx_word' id='word_1_277' title='bbox 893 3116 1147 3177; x_wconf 83' lang='lat' dir='ltr'>fmt.0fficium·die</span> 
     </span>
     <span class='ocr_line' id='line_1_41' title="bbox 297 3185 1151 3260; baseline -0.001 -18"><span class='ocrx_word' id='word_1_278' title='bbox 297 3186 354 3243; x_wconf 82' lang='lat' dir='ltr'>bus.</span> <span class='ocrx_word' id='word_1_279' title='bbox 416 3193 419 3201; x_wconf 95' lang='grc'><strong>’</strong></span> <span class='ocrx_word' id='word_1_280' title='bbox 483 3249 489 3260; x_wconf 47' lang='grc'>,</span> <span class='ocrx_word' id='word_1_281' title='bbox 739 3185 870 3241; x_wconf 76' lang='lat' dir='ltr'>viciniori</span> <span class='ocrx_word' id='word_1_282' title='bbox 884 3186 1063 3253; x_wconf 84' lang='lat' dir='ltr'>subsequente</span> <span class='ocrx_word' id='word_1_283' title='bbox 1092 3204 1151 3241; x_wconf 84' lang='lat' dir='ltr'>non</span> 
     </span>
     <span class='ocr_line' id='line_1_42' title="bbox 295 3248 1149 3322; baseline -0.001 -13"><span class='ocrx_word' id='word_1_284' title='bbox 295 3278 297 3285; x_wconf 94' lang='lat'>·</span> <span class='ocrx_word' id='word_1_285' title='bbox 332 3249 509 3321; x_wconf 82' lang='lat' dir='ltr'>3.Annuaha</span> <span class='ocrx_word' id='word_1_286' title='bbox 521 3251 548 3306; x_wconf 78' lang='lat' dir='ltr'>Si</span> <span class='ocrx_word' id='word_1_287' title='bbox 569 3248 706 3311; x_wconf 85' lang='lat' dir='ltr'>Solemma</span> <span class='ocrx_word' id='word_1_288' title='bbox 740 3254 877 3322; x_wconf 72' lang='lat' dir='ltr'>impedita·</span> <span class='ocrx_word' id='word_1_289' title='bbox 895 3255 991 3321; x_wconf 69' lang='lat' dir='ltr'>:nuia</span> <span class='ocrx_word' id='word_1_290' title='bbox 1013 3255 1077 3313; x_wconf 79' lang='lat' dir='ltr'>verb</span> <span class='ocrx_word' id='word_1_291' title='bbox 1090 3254 1149 3309; x_wconf 81' lang='lat' dir='ltr'>die·</span> 
     </span>
     <span class='ocr_line' id='line_1_43' title="bbox 294 3318 1150 3388; baseline -0.001 -11"><span class='ocrx_word' id='word_1_292' title='bbox 294 3336 475 3388; x_wconf 74' lang='lat' dir='ltr'>quaecumque</span> <span class='ocrx_word' id='word_1_293' title='bbox 494 3334 541 3384; x_wconf 83' lang='lat' dir='ltr'>per</span> <span class='ocrx_word' id='word_1_294' title='bbox 557 3318 704 3375; x_wconf 81' lang='lat' dir='ltr'>Dioecesrm</span> <span class='ocrx_word' id='word_1_295' title='bbox 737 3340 800 3377; x_wconf 81' lang='lat' dir='ltr'>rum</span> <span class='ocrx_word' id='word_1_296' title='bbox 822 3322 1020 3388; x_wconf 73' lang='lat' dir='ltr'>impersuorum</span> <span class='ocrx_word' id='word_1_297' title='bbox 1041 3322 1079 3377; x_wconf 85' lang='lat' dir='ltr'>esi</span> <span class='ocrx_word' id='word_1_298' title='bbox 1100 3321 1150 3377; x_wconf 88' lang='lat' dir='ltr'>ali-</span> 
     </span>
     <span class='ocr_line' id='line_1_44' title="bbox 296 3384 1150 3455; baseline 0 -10"><span class='ocrx_word' id='word_1_299' title='bbox 296 3388 444 3453; x_wconf 75' lang='lat' dir='ltr'>festivata,</span> <span class='ocrx_word' id='word_1_300' title='bbox 460 3384 706 3453; x_wconf 84' lang='lat' dir='ltr'>hocgaudentpri-</span> <span class='ocrx_word' id='word_1_301' title='bbox 779 3390 850 3446; x_wconf 73' lang='lat' dir='ltr'>audis</span> <span class='ocrx_word' id='word_1_302' title='bbox 869 3391 951 3455; x_wconf 79' lang='lat' dir='ltr'>longa</span> <span class='ocrx_word' id='word_1_303' title='bbox 975 3389 1075 3453; x_wconf 67' lang='lat' dir='ltr'>strias,</span> <span class='ocrx_word' id='word_1_304' title='bbox 1099 3388 1150 3447; x_wconf 85' lang='lat' dir='ltr'>hac</span> 
     </span>
     <span class='ocr_line' id='line_1_45' title="bbox 294 3452 1152 3582; baseline 0.005 -70"><span class='ocrx_word' id='word_1_305' title='bbox 294 3456 425 3524; x_wconf 62' lang='grc' dir='ltr'>ιιῑιςὶο,</span> <span class='ocrx_word' id='word_1_306' title='bbox 458 3468 490 3511; x_wconf 84' lang='lat' dir='ltr'>ut</span> <span class='ocrx_word' id='word_1_307' title='bbox 516 3452 707 3522; x_wconf 78' lang='lat' dir='ltr'>quodeunque</span> <span class='ocrx_word' id='word_1_308' title='bbox 761 3457 866 3515; x_wconf 85' lang='lat' dir='ltr'>ecausa</span> <span class='ocrx_word' id='word_1_309' title='bbox 881 3456 1003 3582; x_wconf 52' lang='lat' dir='ltr'>qiraedaigs</span> <span class='ocrx_word' id='word_1_310' title='bbox 1016 3457 1152 3535; x_wconf 62' lang='lat' dir='ltr'>sestaau·</span> 
     </span>
     <span class='ocr_line' id='line_1_46' title="bbox 1004 3543 1032 3587; baseline 0 0"><span class='ocrx_word' id='word_1_311' title='bbox 1004 3543 1032 3587; x_wconf 69' lang='lat' dir='ltr'>Vs</span> 
     </span>
    </p>
   </div>
   <div class='ocr_carea' id='block_1_5' title="bbox 0 0 1487 4284">
    <p class='ocr_par' dir='ltr' id='par_1_5' title="bbox 0 0 1487 4284">
     <span class='ocr_line' id='line_1_47' title="bbox 0 0 1487 4284; baseline 0 0"><span class='ocrx_word' id='word_1_312' title='bbox 0 0 1487 4284; x_wconf 95' lang='lat' dir='ltr'> </span> 
     </span>
    </p>
   </div>
  </div>
 </body>
</html>
